<?xml version="1.0" encoding="UTF-8"?><collection xmlns="http://www.loc.gov/MARC21/slim"><record><leader>00434nam--2200133-i-4500</leader><controlfield tag="001">000018086</controlfield><controlfield tag="002">20161230</controlfield><controlfield tag="005">20161230201032</controlfield><controlfield tag="008">060222s1000------------r-----000-0-eng-d</controlfield><datafield ind1=" " ind2=" " tag="080"><subfield code="a">621.311(026)=59</subfield></datafield><datafield ind1=" " ind2=" " tag="100"><subfield code="a">Condahcian, V.S</subfield></datafield><datafield ind1=" " ind2=" " tag="245"><subfield code="a">Calauza electricianului de la instalatiile auxiliare ale centralei electrice.trad.din l.rusa</subfield></datafield><datafield ind1=" " ind2=" " tag="260"><subfield code="a">Bucuresti, Ed.Energetica De Stat, 1953. 259[-269]P.Cu Ilustr.[Litografiat]</subfield></datafield><datafield ind1=" " ind2=" " tag="852"><subfield code="a">3220</subfield></datafield></record></collection>